<?xml version="1.0" encoding="UTF-8"?><record xmlns="http://www.loc.gov/MARC21/slim" xmlns:cinclude="http://apache.org/cocoon/include/1.0" xmlns:zs="http://www.loc.gov/zing/srw/">
  <leader>00443cz  a2200133n  4500</leader>
  <controlfield tag="001">n  97106782 </controlfield>
  <controlfield tag="003">DLC</controlfield>
  <controlfield tag="005">19971022161629.1</controlfield>
  <controlfield tag="008">971022n| acannaab|          |a ana |||  </controlfield>
  <datafield tag="010" ind1=" " ind2=" ">
    <subfield code="a">n  97106782 </subfield>
  </datafield>
  <datafield tag="040" ind1=" " ind2=" ">
    <subfield code="a">DLC</subfield>
    <subfield code="c">DLC</subfield>
    <subfield code="d">DLC</subfield>
  </datafield>
  <datafield tag="110" ind1="2" ind2="0">
    <subfield code="a">St. Georg (Church : Amberg, Oberpfalz, Germany)</subfield>
  </datafield>
  <datafield tag="410" ind1="2" ind2="0">
    <subfield code="a">Georgskirche (Amberg, Oberpfalz, Germany)</subfield>
  </datafield>
  <datafield tag="670" ind1=" " ind2=" ">
    <subfield code="a">St. Georg, Amberg, c1994:</subfield>
    <subfield code="b">t.p. (Oberpfalz) p. 5 (existed already in 1094) p. 115 (Georgskirche)</subfield>
  </datafield>
</record>